<?xml version="1.0" encoding="UTF-8"?><record xmlns="http://www.loc.gov/MARC21/slim" xmlns:cinclude="http://apache.org/cocoon/include/1.0" xmlns:zs="http://www.loc.gov/zing/srw/">
  <leader>00769nz  a2200157n  4500</leader>
  <controlfield tag="001">n 2014039411</controlfield>
  <controlfield tag="003">DLC</controlfield>
  <controlfield tag="005">20140703111241.0</controlfield>
  <controlfield tag="008">140703n| azannaabn          |a aaa      </controlfield>
  <datafield tag="010" ind1=" " ind2=" ">
    <subfield code="a">n 2014039411</subfield>
  </datafield>
  <datafield tag="040" ind1=" " ind2=" ">
    <subfield code="a">DLC</subfield>
    <subfield code="c">DLC</subfield>
    <subfield code="e">rda</subfield>
  </datafield>
  <datafield tag="100" ind1="1" ind2=" ">
    <subfield code="a">Nikulkina-Tigancheva, Nadezhda Ilieva,</subfield>
    <subfield code="d">1944-2007</subfield>
  </datafield>
  <datafield tag="400" ind1="1" ind2=" ">
    <subfield code="a">Tigancheva, Nadezhda Ilieva Nikulkina-,</subfield>
    <subfield code="d">1944-2007</subfield>
  </datafield>
  <datafield tag="400" ind1="1" ind2=" ">
    <subfield code="a">Никулкина-Тиганчева, Надежда Илиева,</subfield>
    <subfield code="d">1944-2007</subfield>
  </datafield>
  <datafield tag="667" ind1=" " ind2=" ">
    <subfield code="a">Non-Latin script reference not evaluated</subfield>
  </datafield>
  <datafield tag="670" ind1=" " ind2=" ">
    <subfield code="a">Govorŭt na grad I︠A︡koruda, 2010:</subfield>
    <subfield code="b">t.p. (Надежда Илиева Никулкина-Тиганчева, Nadezhda Ilieva Nikulkina-Tigancheva); p. 5 (born on Dec. 15, 1944 in I︠A︡koruda [Bulgaria], died in 2007 in the city of Got︠s︡e Delchev)</subfield>
  </datafield>
</record>